<?xml version="1.0" encoding="UTF-8" ?>
<collection xmlns:xsi="http://www.w3.org/2001/XMLSchema-instance"
    xsi:schemaLocation="http://www.loc.gov/MARC21/slim
        http://www.loc.gov/standards/marcxml/schema/MARC21slim.xsd"
    xmlns="http://www.loc.gov/MARC21/slim">
<record>
  <leader>00229nam a2200445 i 4500</leader>
  <controlfield tag="001">b20609188</controlfield>
  <controlfield tag="003">LeBAU</controlfield>
  <controlfield tag="008">171023s1952    ua            ||0 0 ara d</controlfield>
  <datafield tag="040" ind1=" " ind2=" ">
    <subfield code="a">LEAUB</subfield>
    <subfield code="b">ara</subfield>
    <subfield code="e">rda</subfield>
    <subfield code="c">LEAUB</subfield>
  </datafield>
  <datafield tag="082" ind1="0" ind2="4">
    <subfield code="a">956.9</subfield>
    <subfield code="2">22</subfield>
  </datafield>
  <datafield tag="100" ind1="1" ind2=" ">
    <subfield code="6">880-01</subfield>
    <subfield code="a">Rustum, Asad,</subfield>
    <subfield code="d">1897-1965,</subfield>
    <subfield code="e">compiler.</subfield>
  </datafield>
  <datafield tag="245" ind1="1" ind2="0">
    <subfield code="6">880-02</subfield>
    <subfield code="a">al-Maḥfūẓāt al-Malakīyah /</subfield>
    <subfield code="c">‘uniya bi-intiqā’ihā wa-tansīqihā wa-al-ishrāf ‘alá tarjamat ba‘ḍihā al-Duktūr Asad Rustum ; al-fahāris li-Ṣubḥī Nāyif Abū Shaqrā.</subfield>
  </datafield>
  <datafield tag="264" ind1=" " ind2="1">
    <subfield code="6">880-03</subfield>
    <subfield code="a">Miṣr :</subfield>
    <subfield code="b">Dār al-Ma‘ārif,</subfield>
    <subfield code="c">1952.</subfield>
  </datafield>
  <datafield tag="300" ind1=" " ind2=" ">
    <subfield code="6">880-04</subfield>
    <subfield code="a">326 pages ;</subfield>
    <subfield code="c">24 cm</subfield>
  </datafield>
  <datafield tag="336" ind1=" " ind2=" ">
    <subfield code="a">text</subfield>
    <subfield code="b">txt</subfield>
    <subfield code="2">rdacontent</subfield>
  </datafield>
  <datafield tag="337" ind1=" " ind2=" ">
    <subfield code="a">unmediated</subfield>
    <subfield code="b">n</subfield>
    <subfield code="2">rdamedia</subfield>
  </datafield>
  <datafield tag="338" ind1=" " ind2=" ">
    <subfield code="a">volume</subfield>
    <subfield code="b">nc</subfield>
    <subfield code="2">rdacarrier</subfield>
  </datafield>
  <datafield tag="500" ind1=" " ind2=" ">
    <subfield code="a">"بدأ أستاذنا [أسد رستم] بوضع هذه الفهارس عند ظهور المجلد الثاني من مجموعتنا هذه. ولكنه ما فتئ ان انشغل عنها بمشاغل متنوعة...فاتصل هو بهذا العاجز ووكل اليه أمر إكمال الفهارس...--المقدمة.</subfield>
  </datafield>
  <datafield tag="600" ind1="1" ind2="4">
    <subfield code="a">رستم، اسد،</subfield>
    <subfield code="d">1897-1965.</subfield>
    <subfield code="t">المحفوظات الملكية المصرية</subfield>
    <subfield code="v">كشافات.</subfield>
  </datafield>
  <datafield tag="600" ind1="1" ind2="0">
    <subfield code="a">Rustum, Asad,</subfield>
    <subfield code="d">1897-1965.</subfield>
    <subfield code="t">al-Maḥfūẓāt al-Malakīyah al-Miṣrīyah</subfield>
    <subfield code="v">Indexes.</subfield>
  </datafield>
  <datafield tag="651" ind1=" " ind2="4">
    <subfield code="a">سوريا</subfield>
    <subfield code="x">تاريخ</subfield>
    <subfield code="y">القرن التاسع عشر</subfield>
    <subfield code="v">كشافات.</subfield>
  </datafield>
  <datafield tag="651" ind1=" " ind2="4">
    <subfield code="a">مصر</subfield>
    <subfield code="x">تاريخ</subfield>
    <subfield code="y">القرن التاسع عشر</subfield>
    <subfield code="v">كشافات.</subfield>
  </datafield>
  <datafield tag="651" ind1=" " ind2="4">
    <subfield code="a">سوريا</subfield>
    <subfield code="x">العلاقات الخارجية</subfield>
    <subfield code="z">مصر</subfield>
    <subfield code="v">كشافات.</subfield>
  </datafield>
  <datafield tag="651" ind1=" " ind2="4">
    <subfield code="a">مصر</subfield>
    <subfield code="x">العلاقات الخارجية</subfield>
    <subfield code="z">سوريا</subfield>
    <subfield code="v">كشافات.</subfield>
  </datafield>
  <datafield tag="651" ind1=" " ind2="0">
    <subfield code="a">Syria</subfield>
    <subfield code="x">History</subfield>
    <subfield code="y">19th century</subfield>
    <subfield code="v">Indexes.</subfield>
  </datafield>
  <datafield tag="651" ind1=" " ind2="0">
    <subfield code="a">Egypt</subfield>
    <subfield code="x">History</subfield>
    <subfield code="y">19th century</subfield>
    <subfield code="v">Indexes.</subfield>
  </datafield>
  <datafield tag="651" ind1=" " ind2="0">
    <subfield code="a">Syria</subfield>
    <subfield code="x">Foreign relations</subfield>
    <subfield code="z">Egypt</subfield>
    <subfield code="v">Indexes.</subfield>
  </datafield>
  <datafield tag="651" ind1=" " ind2="0">
    <subfield code="a">Egypt</subfield>
    <subfield code="x">Foreign relations</subfield>
    <subfield code="z">Syria</subfield>
    <subfield code="v">Indexes.</subfield>
  </datafield>
  <datafield tag="700" ind1="1" ind2=" ">
    <subfield code="6">880-05</subfield>
    <subfield code="a">Abū Shaqrā, Ṣubḥī Nāyif,</subfield>
    <subfield code="e">compiler.</subfield>
  </datafield>
  <datafield tag="787" ind1="0" ind2=" ">
    <subfield code="6">880-06</subfield>
    <subfield code="a">كشاف (عمل)</subfield>
    <subfield code="4">http://rdaregistry.info/Elements/w/P10158:</subfield>
    <subfield code="t">al-Maḥfūẓāt al-Malakīyah al-Miṣrīyah.</subfield>
    <subfield code="d">Beirut : American press, 1940-1943</subfield>
    <subfield code="w">(OCoLC)784467130</subfield>
    <subfield code="w">(OCoLC)784467130</subfield>
    <subfield code="i">is index (work)</subfield>
  </datafield>
  <datafield tag="852" ind1=" " ind2=" ">
    <subfield code="a">Jafet Library</subfield>
    <subfield code="e">American University of Beirut, Bliss Street, Beirut, Lebanon.</subfield>
  </datafield>
  <datafield tag="880" ind1="1" ind2=" ">
    <subfield code="6">100-01/(3/r</subfield>
    <subfield code="a">رستم، اسد،</subfield>
    <subfield code="d">1897-1965،</subfield>
    <subfield code="e">معد. </subfield>
    <subfield code="4">com.</subfield>
  </datafield>
  <datafield tag="880" ind1=" " ind2="1">
    <subfield code="6">264-03/(3/r</subfield>
    <subfield code="a">مصر :</subfield>
    <subfield code="b">دار المعارف،</subfield>
    <subfield code="c">1952.</subfield>
  </datafield>
  <datafield tag="880" ind1="1" ind2="3">
    <subfield code="6">245-02/(3/r</subfield>
    <subfield code="a">المحفوظات الملكية /</subfield>
    <subfield code="c">عني بانتقائها وتنسيقها والإشراف على ترجمة بعضها الدكتور أسد رستم ؛ الفهارس لصبحي نايف أبو شقرا.</subfield>
  </datafield>
  <datafield tag="880" ind1=" " ind2=" ">
    <subfield code="6">300-04/(3/r</subfield>
    <subfield code="a">326 صفحة ؛</subfield>
    <subfield code="c">24 سم</subfield>
  </datafield>
  <datafield tag="880" ind1="1" ind2=" ">
    <subfield code="6">700-05/(3/r</subfield>
    <subfield code="a">أبو شقرا، صبحي نايف،</subfield>
    <subfield code="e">معد. </subfield>
    <subfield code="4">com.</subfield>
  </datafield>
  <datafield tag="880" ind1="0" ind2=" ">
    <subfield code="6">787-06/(3/r</subfield>
    <subfield code="i">is index (work)</subfield>
    <subfield code="4">http://rdaregistry.info/Elements/w/P10158:</subfield>
    <subfield code="t">المحفوظات الملكية المصرية.</subfield>
    <subfield code="d">Beirut : American press, 1940-1943</subfield>
    <subfield code="w">b12696778</subfield>
    <subfield code="w">(OCoLC)784467130</subfield>
  </datafield>
  <datafield tag="907" ind1=" " ind2=" ">
    <subfield code="a">.b20609188</subfield>
    <subfield code="b">17-10-31</subfield>
    <subfield code="c">17-10-23</subfield>
  </datafield>
  <datafield tag="945" ind1=" " ind2=" ">
    <subfield code="f">CA</subfield>
    <subfield code="a">956.9:R97mA:Index:c.1</subfield>
    <subfield code="i">01055264</subfield>
    <subfield code="j">.i13245636</subfield>
    <subfield code="l">u0304</subfield>
  </datafield>
  <datafield tag="998" ind1=" " ind2=" ">
    <subfield code="a">u03</subfield>
    <subfield code="b">17-10-23</subfield>
    <subfield code="c">m</subfield>
    <subfield code="d">a</subfield>
    <subfield code="e">-</subfield>
    <subfield code="f">ara</subfield>
    <subfield code="g">   </subfield>
    <subfield code="h">0</subfield>
    <subfield code="i">0</subfield>
  </datafield>
</record>
</collection>
